<collection xmlns="http://www.loc.gov/MARC21/slim">
<record>
  <leader>01274nam0a2200265 i 450 </leader>
  <controlfield tag="001">IT\ICCU\CNCE\041358</controlfield>
  <controlfield tag="005">20160309000000.0</controlfield>
  <datafield tag="012" ind1=" " ind2=" ">
    <subfield code="a">nono rere o.S. deM. (C) 1542 (R)</subfield>
    <subfield code="2">fei</subfield>
  </datafield>
  <datafield tag="100" ind1=" " ind2=" ">
    <subfield code="a">19981105d1542        0itac0103    ba</subfield>
  </datafield>
  <datafield tag="101" ind1=" " ind2=" ">
    <subfield code="a">ITA</subfield>
  </datafield>
  <datafield tag="102" ind1=" " ind2=" ">
    <subfield code="a">IT</subfield>
  </datafield>
  <datafield tag="200" ind1="1" ind2=" ">
    <subfield code="a">Centoni dil Petrarcha di meser Giulio Bidelli senese. Alla illustrissima et excellentissima Margarita de Austria duchessa di Camerino</subfield>
  </datafield>
  <datafield tag="210" ind1=" " ind2=" ">
    <subfield code="e">Stampato in Oruieto</subfield>
    <subfield code="g">per Pietro Matheo de Tisoro da Fossambruno</subfield>
    <subfield code="h">1542 adi xx de nouembre</subfield>
  </datafield>
  <datafield tag="215" ind1=" " ind2=" ">
    <subfield code="a">\10! c.</subfield>
    <subfield code="d">8ʻ</subfield>
  </datafield>
  <datafield tag="300" ind1=" " ind2=" ">
    <subfield code="a">A c. C2r altro coloph.: (\Orvieto! : ad instantia di Lunardo ditto il Triuisano)</subfield>
  </datafield>
  <datafield tag="620" ind1=" " ind2=" ">
    <subfield code="a">IT</subfield>
    <subfield code="d">Orvieto</subfield>
  </datafield>
  <datafield tag="700" ind1=" " ind2="1">
    <subfield code="a">Bidelli,</subfield>
    <subfield code="b">Giulio</subfield>
    <subfield code="3">IT\ICCU\CNCA\001726</subfield>
  </datafield>
  <datafield tag="712" ind1="0" ind2="0">
    <subfield code="a">Tesori, Pietro Matteo</subfield>
    <subfield code="3">IT\ICCU\CNCT\001382</subfield>
    <subfield code="4">650</subfield>
  </datafield>
  <datafield tag="712" ind1="0" ind2="0">
    <subfield code="a">Trivisano, Leonardo</subfield>
    <subfield code="3">IT\ICCU\CNCT\003125</subfield>
    <subfield code="4">650</subfield>
  </datafield>
  <datafield tag="791" ind1="0" ind2="0">
    <subfield code="a">Thesorius, Petrus Mattheus</subfield>
    <subfield code="3">IT\ICCU\CNCT\002903</subfield>
    <subfield code="z">Tesori, Pietro Matteo</subfield>
  </datafield>
  <datafield tag="791" ind1="0" ind2="0">
    <subfield code="a">Tisoro, Pietro Matteo</subfield>
    <subfield code="3">IT\ICCU\CNCT\004117</subfield>
    <subfield code="z">Tesori, Pietro Matteo</subfield>
  </datafield>
  <datafield tag="791" ind1="0" ind2="0">
    <subfield code="a">Tesore, Piero Matheo de</subfield>
    <subfield code="3">IT\ICCU\CNCT\005578</subfield>
    <subfield code="z">Tesori, Pietro Matteo</subfield>
  </datafield>
  <datafield tag="791" ind1="0" ind2="2">
    <subfield code="a">Lunardo Trivisano</subfield>
    <subfield code="3">IT\ICCU\CNCT\004140</subfield>
    <subfield code="z">Trivisano, Leonardo</subfield>
  </datafield>
  <datafield tag="801" ind1=" " ind2="3">
    <subfield code="a">IT</subfield>
    <subfield code="b">ICCU</subfield>
    <subfield code="c">20201114</subfield>
  </datafield>
  <datafield tag="899" ind1=" " ind2=" ">
    <subfield code="a">Archivio storico civico e Biblioteca Trivulziana. Milano</subfield>
    <subfield code="1">MI0327</subfield>
    <subfield code="2">LO1 13</subfield>
  </datafield>
</record>
</collection>
